<?xml version="1.0" encoding="UTF-8"?><collection xmlns="http://www.loc.gov/MARC21/slim"><record><leader>00522nam--2200133-i-4500</leader><controlfield tag="001">000021910</controlfield><controlfield tag="002">20161230</controlfield><controlfield tag="005">20161230201034</controlfield><controlfield tag="008">060222s1000------------r-----000-0-eng-d</controlfield><datafield ind1=" " ind2=" " tag="100"><subfield code="a">Halbwachs, Francis</subfield></datafield><datafield ind1=" " ind2=" " tag="245"><subfield code="a">Theorie relativiste des fluides a spin. recherches sur la dynamique du corpuscule tournant relativiste et l`hydrodynamique relativiste des fluides dotes d`une densite de moment angulaire interne</subfield></datafield><datafield ind1=" " ind2=" " tag="260"><subfield code="a">Paris, Gauthier-villars, 1960. X + 294 P</subfield></datafield><datafield ind1=" " ind2=" " tag="490"><subfield code="a">Les Grands Problems Des Science</subfield></datafield><datafield ind1=" " ind2=" " tag="852"><subfield code="a">16080</subfield></datafield></record></collection>